@online{orl_images,
    author = "Nimfa",
    title = "ORL Images",
    url  = "https://nimfa.biolab.si/nimfa.examples.orl_images.html",
    addendum = "(accessed: 15.11.2021)"
}

@online{avg-webview-explot,
    author = "AVG",
    title = "Analyzing an Android WebView Exploit",
    url  = "https://www.avg.com/en/signal/analyzing-an-android-webview-exploit",
    addendum = "(accessed: 19.12.2021)"
}

@online{android-certificate-transparency,
    author = "Matthew Dolan",
    title = "Android Security: Certificate Transparency",
    url  = "https://appmattus.medium.com/android-security-certificate-transparency-601c18157c44",
    addendum = "(accessed: 19.12.2021)"
}

@online{android-obfuscation,
    author = "Android",
    title = "Shrink, obfuscate, and optimize your app",
    url  = "https://developer.android.com/studio/build/shrink-code",
    addendum = "(accessed: 19.12.2021)"
}

@online{android-sslsocket,
    author = "Android",
    title = "SSLSocket",
    url  = "https://developer.android.com/reference/javax/net/ssl/SSLSocket",
    addendum = "(accessed: 19.12.2021)"
}

@online{log4j,
    author = "SECURELIST",
    title = "CVE-2021-44228 vulnerability in Apache Log4j library",
    url  = "https://securelist.com/cve-2021-44228-vulnerability-in-apache-log4j-library/105210/",
    addendum = "(accessed: 19.12.2021)"
}

